@article{orengo:classifying,
   AUTHOR="Orengo, Christine A. and Martin, Andrew C. R. and 
           Hutchinson, E. Gail and Jones, Susan and Jones, David T. and
           Michie, Alex D. and Swindells, Mark B. and Thornton, Janet M.",
   TITLE="Classifying a Protein in the {CATH} Database of Domain Structures",
   JOURNAL=AC,
   YEAR=1998,
   VOLUME="D54",
   PAGES="1155-1167"
}

@article{orengo:cath,
   AUTHOR="Orengo, Christine A. and Michie, Alex D. and Jones, Susan and
           Jones, David T. and Swindells, Mark B. and Thornton, Janet M.",
   YEAR=1997,
   TITLE="{CATH} --- {A} Hierarchic Classification of Protein Domain 
         Structures",
   JOURNAL="Structure",
   VOLUME=5,
   PAGES="1093-1108"
}

@article{jones:threading,
   AUTHOR="Jones, David T. and Taylor, William R. and Thornton, Janet M.",
   TITLE="A new Approach to Protein Fold Recognition",
   JOURNAL=NAT,
   YEAR=1992,
   VOLUME=358,
   PAGES="86-89"
}


@article{russell:foldrec,
   AUTHOR="Russell, Robert B. and Copley, R. R and Barton, Geoff J.",
   TITLE="Protein Fold Recognition by Mapping Predicted Secondary 
          Structures",
   JOURNAL=JMB, 
   YEAR=1996,
   VOLUME=259,
   PAGES="349-365"
}


@article{rost:foldrec,
   AUTHOR="Rost, B. and Schneider, R. and Sander, Chris",
   TITLE="Protein Fold Recognition by Prediction-based Threading",
   JOURNAL=JMB,
   YEAR=1997,
   VOLUME=270,
   PAGES="471-480"
}


@article{berman:pdb,
   AUTHOR="Berman, Helem M. and Westbrook, J. and Feng, Z. and 
           Gilliland, G. and Bhat, T. N. and Weissig, H. and
           Shindyalov, I. N. and Bourne, Phil E.",
   TITLE="The Protein Data Bank",
   JOURNAL=NAR,
   VOLUME=28,
   PAGES="235--242",
   YEAR=2000
}

@article{al-karadaghi:1dar,
   AUTHOR="{al-K}aradaghi, S and Aevarsson, A. and Garber, M. and
           Zheltonosova, J. and Liljas, A.",
   TITLE="The Structure of Elongation Factor {G} in Complex with {GDP}: 
          Conformational Flexibility and Nucleotide Exchange",
   JOURNAL=STRUCTURE,
   YEAR=1996,
   VOLUME=4,
   PAGES="555--565"
}


@article{aevarsson:1elo,
   AUTHOR="Aevarsson, A. and Brazhnikov, E. and Garber, M. and 
          Zheltonosova, J. and Chirgadze, Y. and {al-K}aradaghi, S. and
          Svensson, L. A. and Liljas, A.",
   TITLE="Three-dimensional Structure of the Ribosomal Translocase: 
          Elongation Factor {G} from \emph{{T}hermus thermophilus}",
   JOURNAL=EMBO,
   YEAR=1994, 
   VOLUME=13,
   PAGES="3669-3677"
}


@article{David_Gilbert_David_Westhead,
   AUTHOR="Gilbert, David and Westhead, David and Nagano, Nasomi and
           Thornton, Janet M.",
   TITLE="Motif-based Searching in TOPS Protein Topology Databases",
   JOURNAL=BIOINFORMATICS,
   YEAR=1999,
   VOLUME=15,
   PAGES="317-326"
}

@inproceedings{gilbert:aisb,
   AUTHOR="Gilbert, David and Westhead, David and Viksna, Juris and
           Thornton, Janet M.",
   TITLE="Topology-based protein structure comparison using a pattern 
          discovery technique",
   BOOKTITLE="Proceedings of the Symposium on Artificial Intelligence 
              in Bioinformatics, Annual Convention of the Society for 
              the Study of Artificial Intelligence and the Simulation 
              of Behaviour (AISB-00)",
   YEAR=2000
}

@article{kragelund:1aca,
   AUTHOR="Kragelund, B. B. and Andersen, K. V. and Madsen, J. C. and
           Knudsen, J. and Poulsen, F. M.",
   TITLE="Three-dimensional Structure of the Complex Between 
          Acyl-coenzyme~{A} Binding Protein and Palmitoyl-coenzyme~{A}",
   JOURNAL=JMB,
   YEAR=1993,
   VOLUME=230,
   PAGES="1260--1277"
}

@article{finzel:2ccy,
   AUTHOR="Finzel, B. C. and Weber, P. C. and Hardman, K. D. and 
           Salemme, F. R.",
   TITLE="Structure of Ferricytochrome c$'$ from \emph{{R}hodospirillum 
          molischianum} at 1.67~{{\AA}}ngstr{\"{o}}ms Resolution",
   JOURNAL=JMB,
   VOLUME=186,
   PAGES="627--643",
   YEAR=1985
}

@article{king:combine,
   AUTHOR="King, Ross D. and Ouali, Mohammed and Strong, Arbra T. and 
           Aly, Alaaeldin and Elmaghraby, Adel and Kantardzic, Mehmed and 
           Page, David",
   TITLE="Is it better to combine predictions?",
   JOURNAL=PROTENG,
   VOLUME=13,
   YEAR=2000,
   PAGES="15--19"
}


@article{eisenhaber:nsc2,
   AUTHOR="Eisenhaber, F. and Lijnzaad, P. and Argos, P. and Scharf, M.",
   TITLE="The Double Cubic Lattice Method: Efficient Approaches to
          Numerical Integration of Surface Area and Volume and to Dot
          Surface Contouring of Molecular Assemblies",
   JOURNAL=JCC,
   YEAR=1995,
   VOLUME=16,
   PAGES="273--284"
}

@article{eisenhaber:nsc1,
   AUTHOR="Eisenhaber, F. and Argos, P.",
   TITLE="Improved Strategy in Analytic Surface Calculation for Molecular
          Systems: Handling of Singularities and Computational Efficiency",
   JOURNAL=JCC,
   YEAR=1993,
   VOLUME=14,
   PAGES="1272--1280"
}

@article{wilson:1ads,
   AUTHOR="Wilson, D. K. and Bohren, K. M. and Gabbay, K. H. and Quiocho, F. A.",
   TITLE="An Unlikely Sugar Substrate Site in the 1.65~{{\AA}}ngstr{\"{o}}ms Structure 
          of the Human Aldose Reductase Holoenzyme Implicated in Diabetic 
          Complications",
   JOURNAL=SCI,
   VOLUME=257,
   PAGES="81--84",
   YEAR=1992
}

@article{biou:1yve,
   AUTHOR="Biou, V. and Dumas, R. and Cohen-Addad, C. and Douce, R. and 
           Job, D. and Pebay-Peyroula, E.",
   TITLE="The Crystal Structure of Plant Acetohydroxy Acid Isomeroreductase 
          Complexed with {NADPH}, Two Magnesium Ions and a Herbicidal Transition 
          State Analog Determined at 1.65{{\AA}} Resolution",
   JOURNAL=EMBO,
   VOLUME=16,
   PAGES="3405--3415",
   YEAR=1997
}        

@article{spezio:1tml,
   AUTHOR="Spezio, M. and Wilson, D. B. and Karplus, P. A.",
   TITLE="Crystal Structure of the Catalytic Domain of a Thermophilic Endocellulase",
   JOURNAL=BIOCH,
   VOLUME=32,
   PAGES="9906--9916", 
   YEAR=1993
}

@article{vidgren:1vid,
   AUTHOR="Vidgren, J. and Svensson, L. A. and Liljas, A.",
   TITLE="Crystal Structure of Catechol {O}-Methyltransferase",
   JOURNAL=NAT,
   VOLUME=368,
   PAGES="354--358", 
   YEAR=1994              
}

@article{wilmanns:1pii,
   AUTHOR="Wilmanns, M. and Priestle, J. P. and Niermann, T. and Jansonius, J. N.",
   TITLE="Three-dimensional Structure of the Bifunctional Enzyme 
          Phosphoribosylanthranilate Isomerase: Indoleglycerolphosphate 
          Synthase from \emph{{E}scherichia coli} Refined at 
          2.0~{{\AA}}ngstr{\"{o}}ms Resolution",
   JOURNAL=JMB,
   VOLUME=223,
   PAGES="477--507", 
   YEAR=1992
}

@article{story:2reb,
   AUTHOR="Story, R. M. and Weber, I. T. and Steitz, T. A.",
   TITLE="The Structure of the \emph{{E}.~coli} Reca Protein Monomer and Polymer",
   JOURNAL=NAT,
   VOLUME=355,
   PAGES="318--325", 
   YEAR=1992
}

@article{lu:top,
   AUTHOR="Lu, Guoguang",
   TITLE="{TOP:} A New Method for Protein Structure Comparisons and 
          Similarity Searches",
   JOURNAL=JAC,
   VOLUME=33,
   YEAR=2000,
   PAGES="176--183"
}

@article{mitchell:graphss,
   AUTHOR="Mitchell, E.M. and Artymiuk, P. J. and Rice, D. W. 
          and Willett, P.",
   TITLE="Use of techniques derived from graph theory to compare 
          secondary structure motifs in proteins",
   JOURNAL=JMB,
   VOLUME=5,
   PAGES="151--166",
   YEAR=1990
}

@article{kleywegt:dejavu,
   AUTHOR="Kleywegt, G. J. and Jones, T. A.",
   TITLE="Detecting folding motifs and similarities in protein 
          structures",
   JOURNAL=METHENZ,
   VOLUME=277,
   YEAR=1997,
   PAGES="525--545"
}

# Missing from PubMed!!!!
@article{sheridan:ijppr,
   AUTHOR="Sheridan and others",
   JOURNAL=IJPPR,
   YEAR=1985,
   VOLUME=25,
   PAGES="132--143"
}

@article{przytycka:sstaxonomy,
   AUTHOR="Przytycka, Teresa and Aurora, Rajeev and Rose, George D.",
   TITLE="A Protein Taxonomy Based on Secondary Structure",
   JOURNAL=NATSB,
   YEAR=1999,
   VOLUME=6,
   PAGES="672--682"
}
